<?xml version="1.0" encoding="UTF-8"?><srw:searchRetrieveResponse xmlns:srw="http://www.loc.gov/zing/srw/" xmlns="http://catalogue.bnf.fr/namespaces/InterXMarc" xmlns:ixm="http://catalogue.bnf.fr/namespaces/InterXMarc" xmlns:mn="http://catalogue.bnf.fr/namespaces/motsnotices" xmlns:sd="http://www.loc.gov/zing/srw/diagnostic/">
<srw:version>1.2</srw:version>
<srw:echoedSearchRetrieveRequest>
<srw:version>1.2</srw:version>
<srw:query>(bib.author all "flaubert") and (bib.title all "madame bovary")</srw:query>
</srw:echoedSearchRetrieveRequest>
<srw:numberOfRecords>368</srw:numberOfRecords>
<srw:records>
<srw:record>
<srw:recordSchema>marcxchange</srw:recordSchema>
<srw:recordPacking>xml</srw:recordPacking>
<srw:recordData>
<mxc:record xmlns:mxc="info:lc/xmlns/marcxchange-v2" format="INTERMARC" id="ark:/12148/cb48756313f" type="Bibliographic">   <mxc:leader>01384n3 m 22000271e 45as</mxc:leader>   <mxc:controlfield tag="001">FRBNF487563130000008</mxc:controlfield>   <mxc:controlfield tag="003">http://catalogue.bnf.fr/ark:/12148/cb48756313f</mxc:controlfield>   <mxc:controlfield tag="008">260423s 2026                 defre     b  001 </mxc:controlfield>   <mxc:controlfield tag="009">a  d               </mxc:controlfield>   <mxc:controlfield tag="009">sa          a   mm x</mxc:controlfield>   <mxc:datafield tag="017" ind1=" " ind2=" ">      <mxc:subfield code="o">4399902041393</mxc:subfield>      <mxc:subfield code="a">9782322673025</mxc:subfield>      <mxc:subfield code="d">20260411</mxc:subfield>      <mxc:subfield code="l">fre</mxc:subfield>      <mxc:subfield code="t">BoD</mxc:subfield>      <mxc:subfield code="n">onix/3.0</mxc:subfield>   </mxc:datafield>   <mxc:datafield tag="020" ind1=" " ind2=" ">      <mxc:subfield code="a">978-2-322-67302-5</mxc:subfield>   </mxc:datafield>   <mxc:datafield tag="044" ind1=" " ind2=" ">      <mxc:subfield code="c">d20260410</mxc:subfield>   </mxc:datafield>   <mxc:datafield tag="051" ind1=" " ind2=" ">      <mxc:subfield code="a">txt</mxc:subfield>      <mxc:subfield code="b">c</mxc:subfield>   </mxc:datafield>   <mxc:datafield tag="100" ind1=" " ind2=" ">      <mxc:subfield code="a">Flaubert</mxc:subfield>      <mxc:subfield code="m">Gustave</mxc:subfield>      <mxc:subfield code="4">0070</mxc:subfield>   </mxc:datafield>   <mxc:datafield tag="245" ind1="1" ind2=" ">      <mxc:subfield code="a">Madame Bovary</mxc:subfield>      <mxc:subfield code="d">Texte électronique</mxc:subfield>      <mxc:subfield code="f">Gustave Flaubert</mxc:subfield>   </mxc:datafield>   <mxc:datafield tag="257" ind1=" " ind2=" ">      <mxc:subfield code="b">1.3 Mo</mxc:subfield>      <mxc:subfield code="n">1</mxc:subfield>      <mxc:subfield code="f">EPUB</mxc:subfield>   </mxc:datafield>   <mxc:datafield tag="260" ind1=" " ind2="1">      <mxc:subfield code="a">[Forbach ]</mxc:subfield>      <mxc:subfield code="c">BoD - Books on Demand</mxc:subfield>      <mxc:subfield code="d">2026</mxc:subfield>   </mxc:datafield>   <mxc:datafield tag="280" ind1=" " ind2=" ">      <mxc:subfield code="a">1 ressource dématérialisée</mxc:subfield>   </mxc:datafield>   <mxc:datafield tag="300" ind1=" " ind2=" ">      <mxc:subfield code="a">Métadonnées fournies par l'éditeur</mxc:subfield>   </mxc:datafield>   <mxc:datafield tag="353" ind1=" " ind2=" ">      <mxc:subfield code="a">Pagination restituée par l'éditeur : 326 pages</mxc:subfield>   </mxc:datafield>   <mxc:datafield tag="432" ind1=" " ind2=" ">      <mxc:subfield code="k">Publication numérique basée sur (édition papier)</mxc:subfield>      <mxc:subfield code="1">9782322573387</mxc:subfield>   </mxc:datafield>   <mxc:datafield tag="689" ind1=" " ind2=" ">      <mxc:subfield code="c">3662</mxc:subfield>      <mxc:subfield code="2">éditeur</mxc:subfield>   </mxc:datafield>   <mxc:datafield tag="689" ind1=" " ind2=" ">      <mxc:subfield code="c">3662</mxc:subfield>      <mxc:subfield code="2">éditeur</mxc:subfield>   </mxc:datafield>   <mxc:datafield tag="690" ind1=" " ind2=" ">      <mxc:subfield code="a">DLLivNum1</mxc:subfield>   </mxc:datafield>   <mxc:datafield tag="890" ind1=" " ind2=" ">      <mxc:subfield code="n">Gustave Flaubert</mxc:subfield>      <mxc:subfield code="a">Gustave FLAUBERT (1821-1880) est un écrivain français, considéré avec Victor Hugo, Stendhal, Balzac et Zola, comme l'un des plus grands romanciers du 19ème siècle. Inspirateur du mouvement réaliste, il suscitera l'admiration de Proust et l'intérêt de Sartre.Il a marqué la littérature par la profondeur de ses analyses psychologiques, son souci du réalisme  et son regard perspicace sur les individus et la société.La force de son style se révèle dans ses oeuvres principales :- Madame Bovary (1857), - Salammbô (1862), - L'Éducation sentimentale (1869),- Le recueil de nouvelles Trois Contes (1877),- Bouvard et Pécuchet (posthume, 1881).</mxc:subfield>      <mxc:subfield code="2">éditeur</mxc:subfield>   </mxc:datafield>   <mxc:datafield tag="950" ind1=" " ind2=" ">      <mxc:subfield code="a">1238808</mxc:subfield>      <mxc:subfield code="b">C1</mxc:subfield>   </mxc:datafield>
</mxc:record>      </srw:recordData>
<srw:recordIdentifier>ark:/12148/cb48756313f</srw:recordIdentifier>
<srw:recordPosition>1</srw:recordPosition>
<srw:extraRecordData>
<ixm:attr name="CreationDate">20260423</ixm:attr>
<ixm:attr name="LastModificationDate">20260423</ixm:attr>
<mn:score>18.893133</mn:score>
</srw:extraRecordData>
</srw:record>