
<srw:record>
<srw:recordSchema>marcxchange</srw:recordSchema>
<srw:recordPacking>xml</srw:recordPacking>
<srw:recordData>
<mxc:record xmlns:mxc="info:lc/xmlns/marcxchange-v2" format="INTERMARC" id="ark:/12148/cb34663781p" type="Bibliographic">   <mxc:leader>00634n5 m 2200027   45a </mxc:leader>   <mxc:controlfield tag="001">FRBNF346637810000009</mxc:controlfield>   <mxc:controlfield tag="003">http://catalogue.bnf.fr/ark:/12148/cb34663781p</mxc:controlfield>   <mxc:controlfield tag="008">811204s 1980        .... ....frfre     b  001 </mxc:controlfield>   <mxc:controlfield tag="009">ax f l             </mxc:controlfield>   <mxc:datafield tag="015" ind1=" " ind2=" ">      <mxc:subfield code="a">08200543</mxc:subfield>   </mxc:datafield>   <mxc:datafield tag="020" ind1=" " ind2=" ">      <mxc:subfield code="a">2-7242-0791-2</mxc:subfield>      <mxc:subfield code="b">Rel.</mxc:subfield>      <mxc:subfield code="d">36 F</mxc:subfield>   </mxc:datafield>   <mxc:datafield tag="051" ind1=" " ind2=" ">      <mxc:subfield code="a">txt</mxc:subfield>      <mxc:subfield code="b">n</mxc:subfield>   </mxc:datafield>   <mxc:datafield tag="100" ind1=" " ind2=" ">      <mxc:subfield code="3">11902894</mxc:subfield>      <mxc:subfield code="1">ISNI0000000122762442</mxc:subfield>      <mxc:subfield code="w">.0..b.....</mxc:subfield>      <mxc:subfield code="a">Flaubert</mxc:subfield>      <mxc:subfield code="m">Gustave</mxc:subfield>      <mxc:subfield code="d">1821-1880</mxc:subfield>      <mxc:subfield code="4">0070</mxc:subfield>   </mxc:datafield>   <mxc:datafield tag="145" ind1=" " ind2="6">      <mxc:subfield code="3">11938746</mxc:subfield>      <mxc:subfield code="w">.0..b.fre.</mxc:subfield>      <mxc:subfield code="a">Madame Bovary</mxc:subfield>      <mxc:subfield code="m">français</mxc:subfield>      <mxc:subfield code="8">20160116PRR1V04</mxc:subfield>   </mxc:datafield>   <mxc:datafield tag="245" ind1="1" ind2=" ">      <mxc:subfield code="a">Madame Bovary</mxc:subfield>      <mxc:subfield code="d">Texte imprimé</mxc:subfield>      <mxc:subfield code="f">Gustave Flaubert</mxc:subfield>   </mxc:datafield>   <mxc:datafield tag="260" ind1=" " ind2=" ">      <mxc:subfield code="a">Paris</mxc:subfield>      <mxc:subfield code="c">France loisirs</mxc:subfield>      <mxc:subfield code="d">1980</mxc:subfield>   </mxc:datafield>   <mxc:datafield tag="270" ind1=" " ind2=" ">      <mxc:subfield code="a">45-Malesherbes</mxc:subfield>      <mxc:subfield code="c">impr. Maury</mxc:subfield>   </mxc:datafield>   <mxc:datafield tag="280" ind1=" " ind2=" ">      <mxc:subfield code="a">32-285 p.</mxc:subfield>      <mxc:subfield code="c">ill.</mxc:subfield>      <mxc:subfield code="d">21 cm</mxc:subfield>   </mxc:datafield>   <mxc:datafield tag="295" ind1="1" ind2=" ">      <mxc:subfield code="a">Un Auteur, une œuvre</mxc:subfield>      <mxc:subfield code="x">0182-2675</mxc:subfield>   </mxc:datafield>   <mxc:datafield tag="410" ind1=" " ind2=" ">      <mxc:subfield code="3">34226736</mxc:subfield>      <mxc:subfield code="t">Un Auteur, une oeuvre</mxc:subfield>      <mxc:subfield code="x">0182-2675</mxc:subfield>      <mxc:subfield code="v">16</mxc:subfield>   </mxc:datafield>   <mxc:datafield tag="680" ind1="0" ind2=" ">      <mxc:subfield code="a">83 </mxc:subfield>   </mxc:datafield>   <mxc:datafield tag="917" ind1=" " ind2=" ">      <mxc:subfield code="o">OPL</mxc:subfield>      <mxc:subfield code="a">001297234</mxc:subfield>   </mxc:datafield>   <mxc:datafield tag="919" ind1=" " ind2=" ">      <mxc:subfield code="p">FR</mxc:subfield>      <mxc:subfield code="o">BGF</mxc:subfield>      <mxc:subfield code="a">811204100</mxc:subfield>   </mxc:datafield>
</mxc:record>      </srw:recordData>
<srw:recordIdentifier>ark:/12148/cb34663781p</srw:recordIdentifier>
<srw:recordPosition>9</srw:recordPosition>
<srw:extraRecordData>
<ixm:attr name="CreationDate">19860717</ixm:attr>
<ixm:attr name="LastModificationDate">20160128</ixm:attr>
<mn:score>17.035542</mn:score>
</srw:extraRecordData>
</srw:record>