
<srw:record>
<srw:recordSchema>marcxchange</srw:recordSchema>
<srw:recordPacking>xml</srw:recordPacking>
<srw:recordData>
<mxc:record xmlns:mxc="info:lc/xmlns/marcxchange-v2" format="INTERMARC" id="ark:/12148/cb37004933r" type="Bibliographic">   <mxc:leader>00647n0 m 2200027   45a </mxc:leader>   <mxc:controlfield tag="001">FRBNF370049330000004</mxc:controlfield>   <mxc:controlfield tag="003">http://catalogue.bnf.fr/ark:/12148/cb37004933r</mxc:controlfield>   <mxc:controlfield tag="008">990208s 1998        .... ....frfre     b  001 </mxc:controlfield>   <mxc:controlfield tag="009">ax f z             </mxc:controlfield>   <mxc:datafield tag="015" ind1=" " ind2=" ">      <mxc:subfield code="a">09913818</mxc:subfield>   </mxc:datafield>   <mxc:datafield tag="020" ind1=" " ind2=" ">      <mxc:subfield code="a">2-7432-0282-3</mxc:subfield>      <mxc:subfield code="b">br.</mxc:subfield>      <mxc:subfield code="d">20 F</mxc:subfield>   </mxc:datafield>   <mxc:datafield tag="051" ind1=" " ind2=" ">      <mxc:subfield code="a">txt</mxc:subfield>      <mxc:subfield code="b">n</mxc:subfield>   </mxc:datafield>   <mxc:datafield tag="100" ind1=" " ind2=" ">      <mxc:subfield code="3">11902894</mxc:subfield>      <mxc:subfield code="1">ISNI0000000122762442</mxc:subfield>      <mxc:subfield code="w">.0..b.....</mxc:subfield>      <mxc:subfield code="a">Flaubert</mxc:subfield>      <mxc:subfield code="m">Gustave</mxc:subfield>      <mxc:subfield code="d">1821-1880</mxc:subfield>      <mxc:subfield code="4">0070</mxc:subfield>   </mxc:datafield>   <mxc:datafield tag="145" ind1=" " ind2="6">      <mxc:subfield code="3">11938746</mxc:subfield>      <mxc:subfield code="w">.0..b.fre.</mxc:subfield>      <mxc:subfield code="a">Madame Bovary</mxc:subfield>      <mxc:subfield code="m">français</mxc:subfield>      <mxc:subfield code="8">20160116PRR1V04</mxc:subfield>   </mxc:datafield>   <mxc:datafield tag="245" ind1="1" ind2=" ">      <mxc:subfield code="a">Madame Bovary</mxc:subfield>      <mxc:subfield code="d">Texte imprimé</mxc:subfield>      <mxc:subfield code="f">Gustave Flaubert</mxc:subfield>   </mxc:datafield>   <mxc:datafield tag="260" ind1=" " ind2=" ">      <mxc:subfield code="a">Évry</mxc:subfield>      <mxc:subfield code="b">7 Pl. Copernic, 91008 Cedex</mxc:subfield>      <mxc:subfield code="c">Éd. Carrefour</mxc:subfield>      <mxc:subfield code="d">1998</mxc:subfield>   </mxc:datafield>   <mxc:datafield tag="270" ind1=" " ind2=" ">      <mxc:subfield code="a">77-Courtry</mxc:subfield>      <mxc:subfield code="c">Impr. SAGIM</mxc:subfield>   </mxc:datafield>   <mxc:datafield tag="280" ind1=" " ind2=" ">      <mxc:subfield code="a">392-13-VIII p.</mxc:subfield>      <mxc:subfield code="c">couv. ill. en coul.</mxc:subfield>      <mxc:subfield code="d">18 cm</mxc:subfield>   </mxc:datafield>   <mxc:datafield tag="295" ind1="1" ind2=" ">      <mxc:subfield code="a">Collection Classique</mxc:subfield>      <mxc:subfield code="v">5953</mxc:subfield>   </mxc:datafield>   <mxc:datafield tag="410" ind1=" " ind2=" ">      <mxc:subfield code="3">34283506</mxc:subfield>      <mxc:subfield code="t">Collection Classique (Evry)</mxc:subfield>      <mxc:subfield code="x">1255-0361</mxc:subfield>      <mxc:subfield code="v">5953</mxc:subfield>   </mxc:datafield>   <mxc:datafield tag="680" ind1="0" ind2=" ">      <mxc:subfield code="a">823</mxc:subfield>   </mxc:datafield>   <mxc:datafield tag="917" ind1=" " ind2=" ">      <mxc:subfield code="o">OPL</mxc:subfield>      <mxc:subfield code="a">02418880X</mxc:subfield>   </mxc:datafield>
</mxc:record>      </srw:recordData>
<srw:recordIdentifier>ark:/12148/cb37004933r</srw:recordIdentifier>
<srw:recordPosition>14</srw:recordPosition>
<srw:extraRecordData>
<ixm:attr name="CreationDate">19990208</ixm:attr>
<ixm:attr name="LastModificationDate">20160128</ixm:attr>
<mn:score>17.035542</mn:score>
</srw:extraRecordData>
</srw:record>