
<srw:record>
<srw:recordSchema>marcxchange</srw:recordSchema>
<srw:recordPacking>xml</srw:recordPacking>
<srw:recordData>
<mxc:record xmlns:mxc="info:lc/xmlns/marcxchange-v2" format="INTERMARC" id="ark:/12148/cb35829795g" type="Bibliographic">   <mxc:leader>00645n0 m 2200027   45a </mxc:leader>   <mxc:controlfield tag="001">FRBNF358297950000004</mxc:controlfield>   <mxc:controlfield tag="003">http://catalogue.bnf.fr/ark:/12148/cb35829795g</mxc:controlfield>   <mxc:controlfield tag="008">960812s 1996        .... ....frfre     b  001 </mxc:controlfield>   <mxc:controlfield tag="009">ax f z             </mxc:controlfield>   <mxc:datafield tag="015" ind1=" " ind2=" ">      <mxc:subfield code="a">09629750</mxc:subfield>   </mxc:datafield>   <mxc:datafield tag="020" ind1=" " ind2=" ">      <mxc:subfield code="a">2-237-00056-5</mxc:subfield>      <mxc:subfield code="b">br.</mxc:subfield>      <mxc:subfield code="d">10 F</mxc:subfield>   </mxc:datafield>   <mxc:datafield tag="051" ind1=" " ind2=" ">      <mxc:subfield code="a">txt</mxc:subfield>      <mxc:subfield code="b">n</mxc:subfield>   </mxc:datafield>   <mxc:datafield tag="100" ind1=" " ind2=" ">      <mxc:subfield code="3">11902894</mxc:subfield>      <mxc:subfield code="1">ISNI0000000122762442</mxc:subfield>      <mxc:subfield code="w">.0..b.....</mxc:subfield>      <mxc:subfield code="a">Flaubert</mxc:subfield>      <mxc:subfield code="m">Gustave</mxc:subfield>      <mxc:subfield code="d">1821-1880</mxc:subfield>      <mxc:subfield code="4">0070</mxc:subfield>   </mxc:datafield>   <mxc:datafield tag="145" ind1=" " ind2="6">      <mxc:subfield code="3">11938746</mxc:subfield>      <mxc:subfield code="w">.0..b.fre.</mxc:subfield>      <mxc:subfield code="a">Madame Bovary</mxc:subfield>      <mxc:subfield code="m">français</mxc:subfield>      <mxc:subfield code="8">20160116PRR1V04</mxc:subfield>   </mxc:datafield>   <mxc:datafield tag="245" ind1="1" ind2=" ">      <mxc:subfield code="a">Madame Bovary</mxc:subfield>      <mxc:subfield code="d">Texte imprimé</mxc:subfield>      <mxc:subfield code="f">Gustave Flaubert</mxc:subfield>   </mxc:datafield>   <mxc:datafield tag="260" ind1=" " ind2=" ">      <mxc:subfield code="a">[Paris]</mxc:subfield>      <mxc:subfield code="b">23 rue du Sommerard, 75005</mxc:subfield>      <mxc:subfield code="c">EDDL</mxc:subfield>      <mxc:subfield code="d">1996</mxc:subfield>   </mxc:datafield>   <mxc:datafield tag="270" ind1=" " ind2=" ">      <mxc:subfield code="a">18-Saint-Amand-Montrond</mxc:subfield>      <mxc:subfield code="c">Impr. Bussière</mxc:subfield>   </mxc:datafield>   <mxc:datafield tag="280" ind1=" " ind2=" ">      <mxc:subfield code="a">368 p.</mxc:subfield>      <mxc:subfield code="c">couv. ill. en coul.</mxc:subfield>      <mxc:subfield code="d">18 cm</mxc:subfield>   </mxc:datafield>   <mxc:datafield tag="295" ind1="1" ind2=" ">      <mxc:subfield code="a">Grands classiques</mxc:subfield>      <mxc:subfield code="v">14</mxc:subfield>   </mxc:datafield>   <mxc:datafield tag="410" ind1=" " ind2=" ">      <mxc:subfield code="3">34290358</mxc:subfield>      <mxc:subfield code="t">Grands classiques (Paris. 1996)</mxc:subfield>      <mxc:subfield code="x">1272-3452</mxc:subfield>      <mxc:subfield code="v">14</mxc:subfield>   </mxc:datafield>   <mxc:datafield tag="680" ind1="0" ind2=" ">      <mxc:subfield code="a">823</mxc:subfield>   </mxc:datafield>   <mxc:datafield tag="917" ind1=" " ind2=" ">      <mxc:subfield code="o">OPL</mxc:subfield>      <mxc:subfield code="a">021643188</mxc:subfield>   </mxc:datafield>
</mxc:record>      </srw:recordData>
<srw:recordIdentifier>ark:/12148/cb35829795g</srw:recordIdentifier>
<srw:recordPosition>16</srw:recordPosition>
<srw:extraRecordData>
<ixm:attr name="CreationDate">19960812</ixm:attr>
<ixm:attr name="LastModificationDate">20160128</ixm:attr>
<mn:score>17.035542</mn:score>
</srw:extraRecordData>
</srw:record>